<?xml version="1.0" encoding="utf-8"?>
<record xmlns="http://www.loc.gov/MARC21/slim" xmlns:xsi="http://www.w3.org/2001/XMLSchema-instance" xsi:schemaLocation="http://www.loc.gov/MARC21/slim http://www.loc.gov/standards/marcxml/schema/MARC21slim.xsd">
	<leader>     nam a22     Mi 4500</leader>
	<controlfield tag="001">b12507222</controlfield>
	<controlfield tag="003">LeBAU</controlfield>
	<controlfield tag="006">m        d        </controlfield>
	<controlfield tag="007">cr cn |||m|||a</controlfield>
	<controlfield tag="008">200327s1949    sy ach  o     001 0 ara d</controlfield>
	<datafield ind1=" " ind2=" " tag="040">
		<subfield code="a">ZYU</subfield>
		<subfield code="b">ara</subfield>
		<subfield code="e">rda</subfield>
		<subfield code="c">ZYU</subfield>
	</datafield>
	<datafield ind1="0" ind2=" " tag="041">
		<subfield code="a">ara</subfield>
		<subfield code="a">fre</subfield>
		<subfield code="a">eng</subfield>
	</datafield>
	<datafield ind1="0" ind2="4" tag="082">
		<subfield code="a">780.95</subfield>
		<subfield code="2">23</subfield>
	</datafield>
	<datafield ind1="1" ind2=" " tag="100">
		<subfield code="6">880-01</subfield>
		<subfield code="a">Allāh Wīrdī, Mīkhāʼīl Khalīl</subfield>
		<subfield code="e">author.</subfield>
		<subfield code="0">https://lccn.loc.gov/nr89011628 ,</subfield>
	</datafield>
	<datafield ind1="1" ind2="0" tag="245">
		<subfield code="6">880-02</subfield>
		<subfield code="a">Falsafat al-mūsīqá al-sharqīyah fī asrār al-fann al-ʻArabī :</subfield>
		<subfield code="b">ḥasm wa-jalā’ li-sā’ir al-mashākil al-mūsīqīyah : buḥūth ḥadīthah fī al-shiʻr wa-al-riyāḍīyāt wa-fīzyā’ al-ṣawt wa-kull mā la-hu ʻalāqah bi-al-mūsīqá /</subfield>
		<subfield code="c">Mīkhā’īl Khalīl Allāh Wīrdī.</subfield>
	</datafield>
	<datafield ind1="1" ind2="5" tag="246">
		<subfield code="a">Philosophy of oriental music</subfield>
	</datafield>
	<datafield ind1=" " ind2=" " tag="250">
		<subfield code="6">880-03</subfield>
		<subfield code="a">al-Ṭabʻah al-thāniyah.</subfield>
	</datafield>
	<datafield ind1=" " ind2="1" tag="264">
		<subfield code="6">880-04</subfield>
		<subfield code="a">Dimashq :</subfield>
		<subfield code="b">Maṭbaʻat Ibn Zaydūn,</subfield>
		<subfield code="c">1949</subfield>
	</datafield>
	<datafield ind1=" " ind2=" " tag="300">
		<subfield code="6">880-05</subfield>
		<subfield code="a">online resource (h-lz, 608, 40 pages) :</subfield>
		<subfield code="b">illustrations, facsimiles, portrait</subfield>
	</datafield>
	<datafield ind1=" " ind2=" " tag="336">
		<subfield code="a">text</subfield>
		<subfield code="2">rdacontent</subfield>
	</datafield>
	<datafield ind1=" " ind2=" " tag="337">
		<subfield code="a">computer</subfield>
		<subfield code="2">rdamedia</subfield>
	</datafield>
	<datafield ind1=" " ind2=" " tag="338">
		<subfield code="a">online resource</subfield>
		<subfield code="2">rdacarrier</subfield>
	</datafield>
	<datafield ind1=" " ind2=" " tag="500">
		<subfield code="a">Part of the Arabic Collections Online (ACO) project, contributed by American University of Beirut's Jafet Memorial Library.</subfield>
	</datafield>
	<datafield ind1=" " ind2=" " tag="533">
		<subfield code="a">Electronic reproduction.</subfield>
		<subfield code="b">New York, N.Y. :</subfield>
		<subfield code="c">New York University,</subfield>
		<subfield code="d">2020.</subfield>
		<subfield code="5">NNU</subfield>
	</datafield>
	<datafield ind1=" " ind2="0" tag="650">
		<subfield code="6">880-06</subfield>
		<subfield code="a">Music, Arabic</subfield>
		<subfield code="x">History and criticism.</subfield>
	</datafield>
	<datafield ind1=" " ind2="0" tag="650">
		<subfield code="6">880-07</subfield>
		<subfield code="a">Music, Oriental</subfield>
		<subfield code="x">History and criticism.</subfield>
	</datafield>
	<datafield ind1="2" ind2=" " tag="710">
		<subfield code="a">Jafet Memorial Library.</subfield>
	</datafield>
	<datafield ind1="0" ind2=" " tag="730">
		<subfield code="a">Arabic Collections Online.</subfield>
	</datafield>
	<datafield ind1="0" ind2="8" tag="776">
		<subfield code="i">Print version:</subfield>
		<subfield code="a">Allāh Wīrdī, Mīkhāʼīl Khalīl author. https://lccn.loc.gov/nr89011628 ,</subfield>
		<subfield code="t">Falsafat al-mūsīqá al-sharqīyah fī asrār al-fann al-ʻArabī</subfield>
		<subfield code="w">(LeBAU)b12507222</subfield>
	</datafield>
	<datafield ind1="0" ind2="8" tag="787">
		<subfield code="6">880-08</subfield>
		<subfield code="i">is container of (work)</subfield>
		<subfield code="4">http://rdaregistry.info/Elements/w/P10147 :</subfield>
		<subfield code="a">Allāh Wīrdī, Mīkhāʼīl Khalīl.</subfield>
		<subfield code="t">Muqaddimāt al-ṭab‘ah al-thānīyah li-Kitāb Falsafat al-mūsīqá al-sharqīyah fī asrār al-fann al-‘Arabī.</subfield>
		<subfield code="d">Dimashq : Maṭābi‘ Ibn Zaydūn, 1949</subfield>
		<subfield code="w">(LEAUB)b17590826</subfield>
	</datafield>
	<datafield ind1="4" ind2="0" tag="856">
		<subfield code="u">http://hdl.handle.net/2333.1/jq2bw0v3</subfield>
	</datafield>
	<datafield ind1="1" ind2=" " tag="880">
		<subfield code="6">100-01</subfield>
		<subfield code="a">الله ويردي، ميخائيل خليل،</subfield>
		<subfield code="0">https://lccn.loc.gov/nr89011628 ,</subfield>
		<subfield code="e">مؤلف.</subfield>
		<subfield code="4">aut.</subfield>
	</datafield>
	<datafield ind1="1" ind2="0" tag="880">
		<subfield code="6">245-02</subfield>
		<subfield code="a">فلسفة الموسيقى الشرقية في أسرار الفن العربي :</subfield>
		<subfield code="b">حسم وجلاء لسائر المشاكل الموسيقية : بحوث حديثة في الشعر والرياضيات وفيزياء الصوت وكل ما له علاقة بالموسيقى /</subfield>
		<subfield code="c">ميخائيل خليل الله ويردي.</subfield>
	</datafield>
	<datafield ind1=" " ind2=" " tag="880">
		<subfield code="6">250-03</subfield>
		<subfield code="a">الطبعة الثانية.</subfield>
	</datafield>
	<datafield ind1=" " ind2="1" tag="880">
		<subfield code="6">264-04</subfield>
		<subfield code="a">دمشق :</subfield>
		<subfield code="b">مطبعة إبن زيدون،</subfield>
		<subfield code="c">1949.</subfield>
	</datafield>
	<datafield ind1=" " ind2=" " tag="880">
		<subfield code="6">300-05</subfield>
		<subfield code="a">هـ-لز، 608، 40 صفحة :</subfield>
		<subfield code="b">مصورات، صورة شخصانية، صور طبق الاصل ؛</subfield>
		<subfield code="c">24 سم</subfield>
	</datafield>
	<datafield ind1=" " ind2=" " tag="880">
		<subfield code="6">500-00</subfield>
		<subfield code="a">&quot;كتاب ينظم علوم الموسيقى ويدعو الى توحيد لغتها عالمياً.&quot;--صفحة [1]</subfield>
	</datafield>
	<datafield ind1=" " ind2=" " tag="880">
		<subfield code="6">500-00</subfield>
		<subfield code="a">يتضمن كشاف.</subfield>
	</datafield>
	<datafield ind1=" " ind2=" " tag="880">
		<subfield code="6">500-00</subfield>
		<subfield code="a">&quot;للعروبة والفن العالمي.&quot;</subfield>
	</datafield>
	<datafield ind1=" " ind2=" " tag="880">
		<subfield code="6">520-00</subfield>
		<subfield code="a">&quot;يقع في 672 صفحة، ومن موضوعاته: بحث مبتكر في التحقيق عن أصالة الأصوات مع تحديد علمي للنسبة المتصلة الموسيقية، وعلاقتها بالأنغام وغيرها، دراسة لم يسبق لها مثيل في السلم العربي وسائر السلالم الموسيقية معززة بستين رسماً وجدولاً فنياً. إيضاح الإتفاقات الصوتية وإستعمالها عند العرب مع مقابلتها بالإتفاقات المعدلة، تبيان الأنغام الصحيحة بأطوال الأوتار والإهتزازات والعلامات العربية. شرح التوزين والإيقاع في الشعر والموسيقى بالموازين اللامتناهية الى غير ذلك من أبحاث طريفة مؤيدة بالبراهين تحقق توحيد لغة الموسيقى لتقريب الأذواق وبناء السلام.&quot;</subfield>
	</datafield>
	<datafield ind1=" " ind2=" " tag="880">
		<subfield code="6">546-00</subfield>
		<subfield code="a">النص بالعربية؛ مع بعض النصوص بالفرنسية والإنجليزية.</subfield>
	</datafield>
	<datafield ind1=" " ind2="4" tag="880">
		<subfield code="6">650-06</subfield>
		<subfield code="a">الموسيقى العربية</subfield>
		<subfield code="x">تاريخ ونقد.</subfield>
	</datafield>
	<datafield ind1=" " ind2="4" tag="880">
		<subfield code="6">650-07</subfield>
		<subfield code="a">الموسيقى الشرقية</subfield>
		<subfield code="x">تاريخ ونقد.</subfield>
	</datafield>
	<datafield ind1="0" ind2="8" tag="880">
		<subfield code="6">787-08</subfield>
		<subfield code="i">يتضمن (عمل)</subfield>
		<subfield code="4">http://rdaregistry.info/Elements/w/P10147:</subfield>
		<subfield code="a">الله ويردي، ميخائيل خليل.</subfield>
		<subfield code="t">مقدمات الطبعة الثانية لكتاب فلسفة الموسيقى الشرقية في أسرار الفن العربي.</subfield>
		<subfield code="d">دمشق : مطابع إبن زيدون، 1949</subfield>
		<subfield code="w">(LEAUB)b17590826</subfield>
	</datafield>
	<datafield ind1=" " ind2=" " tag="959">
		<subfield code="a">NNU</subfield>
		<subfield code="b">WEB</subfield>
		<subfield code="c">GENI</subfield>
		<subfield code="t">0</subfield>
		<subfield code="m">Electronic access</subfield>
		<subfield code="s">01</subfield>
	</datafield>
	<datafield ind1=" " ind2=" " tag="999">
		<subfield code="i">LeBAU_b12507222</subfield>
		<subfield code="s">aub_aco003675:</subfield>
		<subfield code="e">(ERROR-880)(ERROR-MISC)</subfield>
		<subfield code="s">aub_aco003675:</subfield>
	</datafield>
</record>
